
@article{blake_art_1997,
	title = {The {Art}, {Craft} and {Science} of {Modelling} {Jet} {Impact} in a {Collapsing} {Cavitation} {Bubble}},
	volume = {58},
	issn = {00036994},
	url = {http://link.springer.com/10.1023/A:1000711113941},
	doi = {10.1023/A:1000711113941},
	number = {1/4},
	urldate = {2023-03-10},
	journal = {Applied Scientific Research},
	author = {Blake, J.R. and Tomita, Y. and Tong, R.P.},
	year = {1997},
	pages = {77--90},
}
